@inproceedings{mu2019scheming,
  author    = {Mu, Arvindhan and Anand, Abhineet},
  title     = {Scheming An Proficient Auto Scaling Technique For Minimizing Response Time In Load Balancing On Amazon Aws Cloud},
  year      = {2019},
  month     = {March},
  pages     = {},
  booktitle = {Proceedings of the International Conference on Advances in Engineering Science Management \& Technology 2019},
  url       = {https://www.researchgate.net/publication/333245028_Scheming_An_Proficient_Auto_Scaling_Technique_For_Minimizing_Response_Time_In_Load_Balancing_On_Amazon_Aws_Cloud}
}

@article{mangayarkarasi2021scalable,
  title        = {Highly scalable and load balanced web server on AWS cloud},
  author       = {Mangayarkarasi, M and Tamil Selvan, S and Kuppuchamy, R and Shanthi, S and Prem, S R},
  journal      = {IOP Conference Series: Materials Science and Engineering},
  volume       = {1055},
  pages        = {012113},
  year         = {2021},
  doi          = {10.1088/1757-899X/1055/1/012113},
  note         = {Published under licence by IOP Publishing Ltd.},
  series       = {International Virtual Conference on Robotics, Automation, Intelligent Systems and Energy (IVC RAISE 2020)},
  month        = {15th December},
  organization = {Erode, India},
  url          = {https://iopscience.iop.org/article/10.1088/1757-899X/1055/1/012113}
}

@inproceedings{murley2021websocket,
  author    = {Murley, Paul and Ma, Zane and Mason, Joshua and Bailey, Michael and Kharraz, Amin},
  title     = {WebSocket Adoption and the Landscape of the Real-Time Web},
  booktitle = {Proceedings of the Web Conference 2021},
  year      = {2021},
  doi       = {10.1145/3442381.3450063},
  url       = {https://doi.org/10.1145/3442381.3450063}
}

@online{aws-elb-doc,
  title  = {Introduction to Elastic Load Balancing},
  author = {{Amazon Web Services}},
  year   = {Publication Year, e.g., 2023},
  url    = {https://docs.aws.amazon.com/elasticloadbalancing/latest/application/introduction.html},
  note   = {Accessed on: Date accessed, e.g., November 23, 2023}
}

@online{redis-pubsub,
  title  = {Redis Publish/Subscribe},
  author = {{Redis}},
  year   = {Publication Year, e.g., 2023},
  url    = {https://redis.io/topics/pubsub/},
  note   = {Accessed on: Date accessed, e.g., November 23, 2023}
}