
@misc{web-app,
  url    = {https://www.britannica.com/topic/web-application},
  author = {Adam Volle},
  title  = {Web Application},
  year   = {2022},
  month  = {Outubro},
  day    = {6},
  note   = {Acessado em: 20 de novembro de 2024}
}

@misc{ws-standard,
  url    = {https://tools.ietf.org/html/rfc6455},
  author = {Fette, I. and Melnikov, A.},
  title  = {The WebSocket Protocol},
  year   = {2011},
  month  = {Dezembro},
  note   = {Acessado em: 20 de novembro de 2024}
}

@misc{aws-api-types,
  url    = {https://aws.amazon.com/pt/what-is/api/},
  author = {{Amazon Web Services}},
  title  = {What is an API?},
  year   = {2024},
  note   = {Acessado em: 20 de novembro de 2024}
}

@manual{nodejs-about,
  url    = {https://nodejs.org/en/about},
  author = {{Node.js Foundation}},
  title  = {About Node.js},
  year   = {2024},
  note   = {Acessado em: 20 de novembro de 2024}
}

@misc{size-programming-languages,
  url    = {https://www.statista.com/statistics/1241923/worldwide-software-developer-programming-language-communities/},
  author = {{Statista}},
  title  = {Size of programming language communities worldwide as of 2023},
  year   = {2024},
  month  = {Fevereiro},
  note   = {Acessado em: 25 de novembro de 2024}
}

@misc{libs-vs-frameworks,
  url    = {https://www.red-gate.com/simple-talk/development/other-development/the-difference-between-libraries-and-frameworks},
  author = {Goodness Woke},
  title  = {The Difference Between Libraries and Frameworks},
  year   = {2023},
  month  = {Mar√ßo},
  note   = {Acessado em: 25 de novembro de 2024}
}

@manual{what-is-nextjs,
  url    = {https://nextjs.org/docs#what-is-nextjs},
  author = {{Vercel}},
  year   = {2024},
  title  = {What is Next.js?},
  note   = {Acessado em: 25 de novembro de 2024}
}

@misc{http-protocol,
  url    = {https://tools.ietf.org/html/rfc2616},
  author = {Fielding, R. and Gettys, J. and Mogul, J. and Frystyk, H. and Masinter, L. and Leach, P. and Berners-Lee, T.},
  title  = {Hypertext Transfer Protocol -- HTTP/1.1},
  year   = {1999},
  month  = {Junho},
  note   = {Acessado em: 25 de novembro de 2024}
}

@book{beaulieu2009sql,
  author    = {Alan Beaulieu},
  title     = {Learning SQL: Master SQL Fundamentals},
  year      = {2009},
  publisher = {O'Reilly Media},
  edition   = {2nd},
  isbn      = {978-0596520830},
  abstract  = {An approachable guide for beginners, focusing on SQL fundamentals and database design.}
}

@misc{nosql-vs-sql,
  url    = {https://www.mongodb.com/pt-br/resources/basics/databases/nosql-explained/nosql-vs-sql},
  author = {{MongoDB}},
  title  = {NoSQL vs SQL},
  year   = {2024},
  note   = {Acessado em: 25 de novembro de 2024}
}

@misc{orm-vs-odm,
  url    = {https://www.geeksforgeeks.org/comparison-between-orm-and-odm/},
  author = {{GeeksforGeeks}},
  year   = {2024},
  title  = {Comparison Between ORM and ODM},
  note   = {Acessado em: 25 de novembro de 2024}
}

@misc{what-is-cloud,
  url    = {https://www.ibm.com/think/topics/cloud-computing},
  author = {{IBM}},
  title  = {What is cloud computing?},
  year   = {2024},
  note   = {Acessado em: 25 de novembro de 2024}
}

@misc{cloud-ranking,
  url    = {https://www.statista.com/chart/18819/worldwide-market-share-of-leading-cloud-infrastructure-service-providers/},
  author = {{Statista}},
  title  = {Amazon Maintains Cloud Lead as Microsoft Edges Closer},
  year   = {2024},
  month  = {Novembro},
  note   = {Acessado em: 25 de novembro de 2024}
}

@misc{what-is-scalability,
  url    = {https://www.digitalocean.com/resources/articles/cloud-scalability},
  author = {{DigitalOcean}},
  year   = {2024},
  title  = {What is Scalability?},
  note   = {Acessado em: 25 de novembro de 2024}
}

@misc{what-is-elasticity,
  url    = {https://wa.aws.amazon.com/wellarchitected/2020-07-02T19-33-23/wat.concept.elasticity.en.html},
  author = {{Amazon Web Services}},
  year   = {2024},
  title  = {Elasticity},
  note   = {Acessado em: 26 de dezembro de 2024}
}

@misc{what-is-load-balancing,
  url    = {https://aws.amazon.com/what-is/load-balancing/},
  author = {{Amazon Web Services}},
  year   = {2024},
  title  = {What is Load Balancing?},
  note   = {Acessado em: 25 de novembro de 2024}
}

@misc{what-is-message-broker,
  url    = {https://www.ibm.com/think/topics/message-brokers},
  author = {{IBM}},
  year   = {2024},
  title  = {What is a message broker?},
  note   = {Acessado em: 25 de novembro de 2024}
}

@misc{what-is-dns,
  url    = {https://www.cloudflare.com/learning/dns/what-is-dns/},
  author = {{Cloudflare}},
  year   = {2024},
  title  = {What is DNS?},
  note   = {Acessado em: 25 de novembro de 2024}
}

@misc{what-is-iac,
  url    = {https://www.ibm.com/think/topics/infrastructure-as-code},
  author = {{IBM}},
  year   = {2024},
  title  = {What is Infrastructure as Code?},
  note   = {Acessado em: 25 de novembro de 2024}
}

@manual{terraform-docs,
  url    = {https://developer.hashicorp.com/terraform/intro},
  author = {{HashiCorp}},
  year   = {2024},
  title  = {Terraform Documentation},
  note   = {Acessado em: 25 de novembro de 2024}
}

@inproceedings{murley2021websocket,
  author    = {Murley, Paul and Ma, Zane and Mason, Joshua and Bailey, Michael and Kharraz, Amin},
  title     = {WebSocket Adoption and the Landscape of the Real-Time Web},
  booktitle = {Proceedings of the Web Conference 2021},
  year      = {2021},
  doi       = {10.1145/3442381.3450063},
  url       = {https://doi.org/10.1145/3442381.3450063}
}

@manual{sharding-mongodb,
  url    = {https://www.mongodb.com/docs/manual/sharding/},
  author = {{MongoDB}},
  title  = {Sharding},
  year   = {2024},
  note   = {Acessado em: 25 de novembro de 2024}
}

@manual{replication-mongodb,
  url    = {https://www.mongodb.com/docs/manual/replication/},
  author = {{MongoDB}},
  title  = {Replication},
  year   = {2024},
  note   = {Acessado em: 25 de novembro de 2024}
}

@misc{multi-region-aa,
  title  = {Disaster Recovery (DR) Architecture on AWS, Part IV: Multi-site Active/Active},
  author = {{Seth Eliot, AWS Solutions Architect}},
  year   = {2021},
  url    = {https://aws.amazon.com/pt/blogs/architecture/disaster-recovery-dr-architecture-on-aws-part-iv-multi-site-active-active/},
  note   = {Acessado em: 1 de novembro de 2024}
}

@misc{restful-api,
  url    = {https://ics.uci.edu/~fielding/pubs/dissertation/rest_arch_style.htm},
  author = {Fielding, Roy Thomas},
  title  = {Architectural Styles and the Design of Network-based Software Architectures},
  year   = {2000},
  note   = {Acessado em: 02 de janeiro de 2025}
}

@misc{rpc-google,
  title  = {What is gRPC?},
  author = {{Google}},
  year   = {2024},
  url    = {https://grpc.io/docs/what-is-grpc/introduction/},
  note   = {Acessado em: 23 de dezembro de 2024}
}

@book{soap-hirsch2007mobile,
  title     = {Mobile Web Services: Architecture and Implementation},
  author    = {Hirsch, F. and Kemp, J. and Ilkka, J.},
  isbn      = {9780470032596},
  url       = {https://books.google.com.br/books?id=v5f0ORBgd5IC},
  year      = {2007},
  publisher = {Wiley}
}


@misc{expressjs,
  title  = {Express.js},
  author = {{Express.js}},
  year   = {2024},
  url    = {https://expressjs.com/pt-br/},
  note   = {Acessado em: 23 de dezembro de 2024}
}

@misc{html-mozilla,
  title  = {HTML (HyperText Markup Language)},
  author = {{Mozilla}},
  year   = {2024},
  url    = {https://developer.mozilla.org/en-US/docs/Web/HTML},
  note   = {Acessado em: 23 de dezembro de 2024}
}


@book{meyer2006css,
  title     = {CSS: The Definitive Guide: The Definitive Guide},
  author    = {Meyer, E.A.},
  isbn      = {9781449397258},
  url       = {https://books.google.com.br/books?id=rdtCRLXAL78C},
  year      = {2006},
  publisher = {O'Reilly Media}
}

@book{flanagan2020javascript,
  author    = {David Flanagan},
  title     = {JavaScript: The Definitive Guide: Master the World's Most-Used Programming Language},
  year      = {2020},
  publisher = {O'Reilly Media},
  edition   = {7th},
  isbn      = {978-1491952023},
  abstract  = {A comprehensive resource for JavaScript programming, from basics to advanced techniques and best practices.}
}

@misc{web-development,
  title  = {Web Development},
  author = {{Wikipedia}},
  year   = {2024},
  url    = {https://en.wikipedia.org/wiki/Web_development},
  note   = {Acessado em: 23 de dezembro de 2024}
}

@misc{oracle-mysql,
  url    = {https://www.oracle.com/mysql/what-is-mysql/},
  author = {{Oracle}},
  title  = {What is MySQL?},
  year   = {2024},
  note   = {Acessado em: 23 de dezembro de 2024}
}

@misc{postgresql,
  url    = {https://www.postgresql.org/about/},
  author = {{PostgreSQL}},
  title  = {About PostgreSQL},
  year   = {2024},
  note   = {Acessado em: 23 de dezembro de 2024}
}

@misc{sqlite,
  url    = {https://www.sqlite.org/about.html},
  author = {{SQLite}},
  title  = {About SQLite},
  year   = {2024},
  note   = {Acessado em: 23 de dezembro de 2024}
}

@misc{react-js,
  url    = {https://reactjs.org/},
  author = {{React.js}},
  title  = {React.js},
  year   = {2024},
  note   = {Acessado em: 23 de dezembro de 2024}
}

@misc{sequelize,
  url    = {https://sequelize.org/},
  author = {{Sequelize}},
  title  = {Sequelize},
  year   = {2024},
  note   = {Acessado em: 23 de dezembro de 2024}
}

@misc{mongoose,
  url    = {https://mongoosejs.com/},
  author = {{Mongoose}},
  title  = {Mongoose},
  year   = {2024},
  note   = {Acessado em: 23 de dezembro de 2024}
}

@misc{aws-ec2,
  url    = {https://aws.amazon.com/pt/ec2/},
  author = {{Amazon Web Services}},
  title  = {Amazon EC2},
  year   = {2024},
  note   = {Acessado em: 23 de dezembro de 2024}
}

@misc{grafana-k6,
  url    = {https://grafana.com/docs/k6/latest/},
  author = {{Grafana}},
  title  = {K6 Load Testing},
  year   = {2024},
  note   = {Acessado em: 23 de dezembro de 2024}
}

@misc{aws-s3,
  url    = {https://aws.amazon.com/pt/s3/},
  author = {{Amazon Web Services}},
  title  = {Amazon S3},
  year   = {2024},
  note   = {Acessado em: 23 de dezembro de 2024}
}

@misc{aws-rds,
  url    = {https://aws.amazon.com/pt/rds/},
  author = {{Amazon Web Services}},
  title  = {Amazon RDS},
  year   = {2024},
  note   = {Acessado em: 23 de dezembro de 2024}
}

@misc{gcp-compute,
  url    = {https://cloud.google.com/compute},
  author = {{Google Cloud}},
  title  = {Compute Engine},
  year   = {2024},
  note   = {Acessado em: 23 de dezembro de 2024}
}

@misc{vercel,
  url    = {https://vercel.com/},
  author = {{Vercel}},
  title  = {Vercel},
  year   = {2024},
  note   = {Acessado em: 23 de dezembro de 2024}
}

@misc{heroku,
  url    = {https://www.heroku.com/},
  author = {{Heroku}},
  title  = {Heroku},
  year   = {2024},
  note   = {Acessado em: 23 de dezembro de 2024}
}

@misc{google-drive,
  url    = {https://www.google.com/drive/},
  author = {{Google}},
  title  = {Google Drive},
  year   = {2024},
  note   = {Acessado em: 23 de dezembro de 2024}
}

@misc{salesforce,
  url    = {https://www.salesforce.com/},
  author = {{Salesforce}},
  title  = {Salesforce},
  year   = {2024},
  note   = {Acessado em: 23 de dezembro de 2024}
}


% --- INTRO ---

@article{impact-covid19-teaching-learning,
  author  = {Sumitra Pokhrel and Roshan Chhetri},
  title   = {A Literature Review on Impact of COVID-19 Pandemic on Teaching and Learning},
  journal = {Higher Education for the Future},
  volume  = {8},
  number  = {1},
  pages   = {133-141},
  year    = {2021},
  doi     = {10.1177/2347631120983481},
  url     = {https://doi.org/10.1177/2347631120983481},
  eprint  = {https://doi.org/10.1177/2347631120983481}
}


% --- TEST AND RESULTS CHAPTER ---

@misc{nmap,
  title  = {Nmap},
  author = {{Gordon Lyon}},
  url    = {https://nmap.org/docs.html},
  year   = {2024},
  note   = {Accessado em: 21 de dezembro de 2024}
}

@misc{ssl-labs,
  title  = {SSL Labs},
  author = {{Qualys}},
  year   = {2024},
  url    = {https://www.ssllabs.com/ssltest/},
  note   = {Accessado em: 21 de dezembro de 2024}
}

% --- OLD REFERENCES ---

@article{mangayarkarasi2021scalable,
  title        = {Highly scalable and load balanced web server on AWS cloud},
  author       = {Mangayarkarasi, M and Tamil Selvan, S and Kuppuchamy, R and Shanthi, S and Prem, S R},
  journal      = {IOP Conference Series: Materials Science and Engineering},
  volume       = {1055},
  pages        = {012113},
  year         = {2021},
  doi          = {10.1088/1757-899X/1055/1/012113},
  note         = {Published under licence by IOP Publishing Ltd.},
  series       = {International Virtual Conference on Robotics, Automation, Intelligent Systems and Energy (IVC RAISE 2020)},
  month        = {15th December},
  organization = {Erode, India},
  url          = {https://iopscience.iop.org/article/10.1088/1757-899X/1055/1/012113}
}
